@article{gillespie2021lazy,
      title={Lazy tournaments and multidegrees of a projective embedding of $\overline{M}_{0,n}$}, 
      author={Gillespie, Maria and Griffin, Sean T. and Levinson, Jake},
      year={2021},
      eprint={2108.00050},
      archivePrefix={arXiv},
      primaryClass={math.CO}
}
@article{cavalieri2021projective,
      title={Projective Embeddings of $\overline{M}_{0,n}$ and Parking Functions}, 
      author={Cavalieri, Renzo and Gillespie, Maria and Monin, Leonid},
      year={2021},
      eprint={1912.12343},
      archivePrefix={arXiv},
      primaryClass={math.AG}
}
@article{RenzoNotes,
      title={Moduli Spaces of Pointed Rational Curves}, 
      author={Cavalieri, Renzo},
      year={2016},
}