@book{FultonHarrisRepThry,
  title={Representation Theory: A First Course},
  author={Fulton, William and Harris, Joe},
  isbn={9781461209799},
  series={Graduate Texts in Mathematics},
  url={https://books.google.com/books?id=6TwmBQAAQBAJ},
  year={2013},
  publisher={Springer New York}
}
@book{HongKangQuantumGroups,
  title={Introduction to Quantum Groups and Crystal Bases},
  author={Hong, Jin and Kang, Seok-Jin},
  isbn={9780821828748},
  lccn={2001053274},
  series={Advances in the Mathematical Sciences},
  url={https://books.google.com/books?id=H8rpBwAAQBAJ},
  year={2002},
  publisher={American Mathematical Society}
}
@book{BumpCrystalBases,
  title={Crystal Bases: Representations And Combinatorics},
  author={Bump, Daniel and Schilling, Anne},
  isbn={9789814733465},
  url={https://books.google.com/books?id=Ncw5DwAAQBAJ},
  year={2017},
  publisher={World Scientific Publishing Company}
}
@book{SaganSymmGrp,
   title =     {The Symmetric Group: Representations, Combinatorial Algorithms, and Symmetric Functions},
   author =    {Sagan, Bruce Eli},
   publisher = {Springer},
   isbn =      {1475768044; 9781475768046; 1441928693; 0387950672; 9780387950679; 9781441928696},
   year =      {2001},
   series =    {Graduate Texts in Mathematics    â„–203},
   edition =   {2},
   url =       {libgen.li/file.php?md5=6c89aa9908652000b00aea71a0d9094f}
   }
@book{FultonYoungTab,
   title =     {Young Tableaux: With Applications to Representation Theory and Geometry},
   author =    {Fulton, William},
   publisher = {Cambridge University Press},
   year =      {1999},
   series =    {London Mathematical Society Student Texts \#35},
   url =       {libgen.li/file.php?md5=3f17b01bdd28c91bee2ff1b1551116c3}}
@book{bjorner2005combinatorics,
  title={Combinatorics of Coxeter Groups},
  author={Bjorner, Anders and Brenti, Francesco},
  isbn={9783540442387},
  lccn={2005923334},
  series={Graduate Texts in Mathematics},
  url={https://books.google.com/books?id=mU9ZU7AxXyEC},
  year={2005},
  publisher={Springer Berlin Heidelberg}
}

