@article{artREUIntroSymFncs,
	author = {Graham, Grayson},
	date-added = {2023-01-29 14:26:58 -0700},
	date-modified = {2023-01-29 14:49:32 -0700},
	read = {1},
	title = {THE RING OF SYMMETRIC POLYNOMIALS},
	Bdsk-File-1 = {YnBsaXN0MDDSAQIDBFxyZWxhdGl2ZVBhdGhZYWxpYXNEYXRhXxAgLi4vLi4vLi4vLi4vRG93bmxvYWRzL0dyYWhhbS5wZGZPEQFGAAAAAAFGAAIAAAxNYWNpbnRvc2ggSEQAAAAAAAAAAAAAAAAAAADfrzGIQkQAAf////8KR3JhaGFtLnBkZgAAAAAAAAAAAAAAAAAAAAAAAAAAAAAAAAAAAAAAAAAAAAAAAAAAAAAAAAAAAAAAAAAAAAAA/////9/8MtEAAAAAAAAAAAAEAAIAAAogY3UAAAAAAAAAAAAAAAAACURvd25sb2FkcwAAAgApLzpVc2VyczpmYWN0b3J5aW1hZ2U6RG93bmxvYWRzOkdyYWhhbS5wZGYAAA4AFgAKAEcAcgBhAGgAYQBtAC4AcABkAGYADwAaAAwATQBhAGMAaQBuAHQAbwBzAGgAIABIAEQAEgAnVXNlcnMvZmFjdG9yeWltYWdlL0Rvd25sb2Fkcy9HcmFoYW0ucGRmAAATAAEvAAAVAAIAE///AAAACAANABoAJABHAAAAAAAAAgEAAAAAAAAABQAAAAAAAAAAAAAAAAAAAZE=}}
@book{StanleyEnum1,
  title={Enumerative Combinatorics: Volume 1},
  author={Stanley, Richard Peter},
  isbn={9781107602625},
  lccn={2011037989},
  series={Cambridge Studies in Advanced Mathematics},
  url={https://books.google.com/books?id=b2MOswEACAAJ},
  year={2011},
  publisher={Cambridge University Press}
}
@book{StanleyEnum2,
  title={Enumerative Combinatorics: Volume 2},
  author={Stanley, Richard Peter and Fomin, Sergey},
  isbn={9780521789875},
  lccn={96044267},
  series={Cambridge Studies in Advanced Mathematics},
  url={https://books.google.com/books?id=zg5wDqT6T-UC},
  year={1997},
  publisher={Cambridge University Press}
}
@book{SaganSymmGrp,
   title =     {The Symmetric Group: Representations, Combinatorial Algorithms, and Symmetric Functions},
   author =    {Sagan, Bruce Eli},
   publisher = {Springer},
   isbn =      {1475768044; 9781475768046; 1441928693; 0387950672; 9780387950679; 9781441928696},
   year =      {2001},
   series =    {Graduate Texts in Mathematics    â„–203},
   edition =   {2},
   url =       {libgen.li/file.php?md5=6c89aa9908652000b00aea71a0d9094f}}
@book{FultonYoungTab,
   title =     {Young Tableaux: With Applications to Representation Theory and Geometry},
   author =    {Fulton, William},
   publisher = {Cambridge University Press},
   year =      {1999},
   series =    {London Mathematical Society Student Texts \#35},
   url =       {libgen.li/file.php?md5=3f17b01bdd28c91bee2ff1b1551116c3}}
@book{OxleyMatroids,
   title =     {Matroid Theory},
   author =    {Oxley, James},
   publisher = {Oxford University Press, USA},
   isbn =      {0198566948; 9780198566946},
   year =      {2011},
   edition =   {2nd},
   url =       {libgen.li/file.php?md5=852b1215597ef02cd0c38e8e3fec308b}}
@book{CameronVanLintDGCL,
   title =     {Designs, Graphs, Codes and their Links},
   author =    {Cameron, Peter Jephson and van Lint, Jacobus Hendricus},
   publisher = {Cambridge University Press},
   isbn =      {9780521423854; 0521423856; 9780521413251; 0521413257; 9780511623714; 0511623712},
   year =      {1991},
   series =    {London Mathematical Society Student Texts},
   url =       {libgen.li/file.php?md5=8ce5f28c1f12fe1a77d2a84b1c952c83}}
@book{Sagan,
  title={Combinatorics: The Art of Counting},
  author={Sagan, Bruce Eli},
  isbn={9781470460327},
  lccn={2020025345},
  series={Graduate Studies in Mathematics},
  url={https://books.google.com/books?id=DYgEEAAAQBAJ},
  year={2020},
  publisher={American Mathematical Society}
}
@book{BLLSpsTreeStrucs,
   title =     {Combinatorial Species and Tree-like Structures},
   author =    {Bergeron, Fran\c{c}ois and Labelle, Gilbert and Leroux, Gilbert},
   publisher = {Cambridge University Press},
   isbn =      {0521573238; 9780521573238},
   year =      {1998},
   url =       {libgen.li/file.php?md5=3fb0604d45e30a13b76777895be3096d}}
@book{GrahamConcMath,
   title =     {Concrete mathematics: a foundation for computer science},
   author =    {Graham, Ronald Lewis and Knuth, Donald Ervin and Patashnik, Oren},
   publisher = {Addison-Wesley},
   isbn =      {9780201558029; 0201558025},
   year =      {1994},
   edition =   {2nd ed},
   url =       {libgen.li/file.php?md5=4f340a03fd5d35bda083c3313cae7d23}}