
@article{RenzoNotes,
      title={Course Notes for Toric Geometry}, 
      author={Cavalieri, Renzo},
      year={2018},
}