
@misc{RenzoNotes,
      title={Course Notes for Toric Geometry}, 
      author={Cavalieri, Renzo},
      year={2018},
}
@misc{anderson2011introductionequivariantcohomologyalgebraic,
      title={Introduction to Equivariant Cohomology in Algebraic Geometry (IMPANGA 2010)}, 
      author={Dave Anderson},
      year={2011},
      eprint={1112.1421},
      archivePrefix={arXiv},
      primaryClass={math.AG},
      url={https://arxiv.org/abs/1112.1421}, 
}
@misc{tymoczko2005introductionequivariantcohomologyhomology,
      title={An introduction to equivariant cohomology and homology, following Goresky, Kottwitz, and MacPherson}, 
      author={Julianna S. Tymoczko},
      year={2005},
      eprint={math/0503369},
      archivePrefix={arXiv},
      primaryClass={math.AG},
      url={https://arxiv.org/abs/math/0503369}, 
}
@misc{goertsches2019equivariantrhamcohomologytheory,
      title={Equivariant de Rham Cohomology: Theory and Applications}, 
      author={Oliver Goertsches and Leopold Zoller},
      year={2019},
      eprint={1812.09511},
      archivePrefix={arXiv},
      primaryClass={math.DG},
      url={https://arxiv.org/abs/1812.09511}, 
}
@book{BigMirrorSymmetryBook,
  title={Mirror Symmetry},
  author={Hori, K. and Katz, S. and Klemm, A. and Pandharipande, R. and Thomas, R. and Vafa, C. and Vakil, R. and Zaslow, E.},
  isbn={9780821834879},
  lccn={2003052414},
  series={Clay Mathematics Monographs},
  url={https://books.google.com/books?id=R4jtzwEACAAJ},
  year={2023},
  publisher={American Mathematical Society}
}
