@book{MaclaganIntro,
  title={Introduction to Tropical Geometry},
  author={Maclagan, D. and Sturmfels, B.},
  isbn={9781470468569},
  lccn={2014036141},
  series={Graduate Studies in Mathematics},
  url={https://books.google.com/books?id=c6ZaEAAAQBAJ},
  year={2021},
  publisher={American Mathematical Society}
}
