@book{GreenBookKockVainsencher,
  title={An Invitation to Quantum Cohomology: Kontsevich's Formula for Rational Plane Curves},
  author={Kock, Joachim and Vainsencher, Israel},
  isbn={9780817644567},
  lccn={2006924437},
  series={Progress in Mathematics},
  url={https://books.google.com/books?id=cTWrNAEACAAJ},
  year={2006},
  publisher={Birkh{\"a}user Boston}
}
@misc{anderson2011introductionequivariantcohomologyalgebraic,
      title={Introduction to Equivariant Cohomology in Algebraic Geometry (IMPANGA 2010)}, 
      author={Dave Anderson},
      year={2011},
      eprint={1112.1421},
      archivePrefix={arXiv},
      primaryClass={math.AG},
      url={https://arxiv.org/abs/1112.1421}, 
}
@misc{tymoczko2005introductionequivariantcohomologyhomology,
      title={An introduction to equivariant cohomology and homology, following Goresky, Kottwitz, and MacPherson}, 
      author={Julianna S. Tymoczko},
      year={2005},
      eprint={math/0503369},
      archivePrefix={arXiv},
      primaryClass={math.AG},
      url={https://arxiv.org/abs/math/0503369}, 
}
@misc{ZvonkineIntro,
      title={An introduction to moduli spaces of curves
and their intersection theory}, 
      author={Dimitri Zvonkine},
      year={2014},
      howpublished = "\url{https://www.hse.ru/data/2014/11/13/1101420183/2013.04.03.pdf}",
}
@misc{cavalieri2024quadraticpseudostablehodgeintegrals,
      title={Quadratic Pseudostable Hodge Integrals and Mumford's Relations}, 
      author={Renzo Cavalieri and Matthew M. Williams},
      year={2024},
      eprint={2404.13201},
      archivePrefix={arXiv},
      primaryClass={math.AG},
      url={https://arxiv.org/abs/2404.13201}, 
}
@misc{cavalieri2022pseudostablehodgeintegrals,
      title={Pseudostable Hodge integrals}, 
      author={Renzo Cavalieri and Joel Gallegos and Dustin Ross and Brandon Van Over and Jonathan Wise},
      year={2022},
      eprint={2201.04585},
      archivePrefix={arXiv},
      primaryClass={math.AG},
      url={https://arxiv.org/abs/2201.04585}, 
}
@misc{battistella2018reducedinvariantscuspidalmaps,
      title={Reduced invariants from cuspidal maps}, 
      author={Luca Battistella and Francesca Carocci and Cristina Manolache},
      year={2018},
      eprint={1801.07739},
      archivePrefix={arXiv},
      primaryClass={math.AG},
      url={https://arxiv.org/abs/1801.07739}, 
}
@misc{viscardi2010alternatecompactificationsmodulispace,
      title={Alternate compactifications of the moduli space of genus one maps}, 
      author={Michael Viscardi},
      year={2010},
      eprint={1005.1431},
      archivePrefix={arXiv},
      primaryClass={math.AG},
      url={https://arxiv.org/abs/1005.1431}, 
}
@misc{cavalieri2021projectiveembeddingsoverlinem0nparking,
      title={Projective Embeddings of $\overline{M}_{0,n}$ and Parking Functions}, 
      author={Renzo Cavalieri and Maria Gillespie and Leonid Monin},
      year={2021},
      eprint={1912.12343},
      archivePrefix={arXiv},
      primaryClass={math.AG},
      url={https://arxiv.org/abs/1912.12343}, 
}
@misc{goertsches2019equivariantrhamcohomologytheory,
      title={Equivariant de Rham Cohomology: Theory and Applications}, 
      author={Oliver Goertsches and Leopold Zoller},
      year={2019},
      eprint={1812.09511},
      archivePrefix={arXiv},
      primaryClass={math.DG},
      url={https://arxiv.org/abs/1812.09511}, 
}
@book{BigMirrorSymmetryBook,
  title={Mirror Symmetry},
  author={Hori, K. and Katz, S. and Klemm, A. and Pandharipande, R. and Thomas, R. and Vafa, C. and Vakil, R. and Zaslow, E.},
  isbn={9780821834879},
  lccn={2003052414},
  series={Clay Mathematics Monographs},
  url={https://books.google.com/books?id=R4jtzwEACAAJ},
  year={2023},
  publisher={American Mathematical Society}
}
