@book{Evans,
  title={Partial Differential Equations},
  author={Evans, Lawrence C.},
  isbn={9780821849743},
  lccn={2009044716},
  series={Graduate studies in mathematics},
  url={https://books.google.co.cr/books?id=Xnu0o\_EJrCQC},
  year={2010},
  publisher={American Mathematical Society}
}
@book{Strauss,
   title =     {Partial differential equations : an introduction},
   author =    {Walter A. Strauss},
   publisher = {Wiley },
   isbn =      {9780470054567,0470054565,9780470385531,0470385537},
   year =      {2009},
   series =    {},
   edition =   {2nd},
   volume =    {},
   url =       {http://gen.lib.rus.ec/book/index.php?md5=d9a8a9901ff275ed9a3153b12d03bb0b}
}
@book{FritzJohn,
   title =     {Partial Differential Equations},
   author =    {Fritz John},
   publisher = {Springer},
   isbn =      {978-0387906096},
   year =      {1991},
   series =    {Applied Mathematical Sciences (Book 1)},
   edition =   {4th},
   volume =    {},
   url =       {http://gen.lib.rus.ec/book/index.php?md5=2cfec55d7b568d9a8c7a8ab6317a1e2a}
}
@book{Folland,
   title =     {Introduction to partial differential equations},
   author =    {Gerald B. Folland},
   publisher = {Princeton University Press},
   isbn =      {9780691043616,0691043612},
   year =      {1995},
   series =    {},
   edition =   {2nd},
   volume =    {},
   url =       {http://gen.lib.rus.ec/book/index.php?md5=e659ffdd045b325eb8c40b86a62b9e2b}
}
@book{Zygmund,
  title={Measure and Integral: An Introduction to Real Analysis, Second Edition},
  author={Wheeden, Richard L. and Zygmund, Antoni},
  isbn={9781498702904},
  series={Chapman \& Hall/CRC Pure and Applied Mathematics},
  url={https://books.google.co.cr/books?id=X3d3CAAAQBAJ},
  year={2015},
  publisher={CRC Press}
}
