
@misc{RenzoNotes,
      title={Course Notes for Toric Geometry}, 
      author={Cavalieri, Renzo},
      year={2018},
}
@misc{tymoczko2005introductionequivariantcohomologyhomology,
      title={An introduction to equivariant cohomology and homology, following Goresky, Kottwitz, and MacPherson}, 
      author={Julianna S. Tymoczko},
      year={2005},
      eprint={math/0503369},
      archivePrefix={arXiv},
      primaryClass={math.AG},
      url={https://arxiv.org/abs/math/0503369}, 
}
@misc{goertsches2019equivariantrhamcohomologytheory,
      title={Equivariant de Rham Cohomology: Theory and Applications}, 
      author={Oliver Goertsches and Leopold Zoller},
      year={2019},
      eprint={1812.09511},
      archivePrefix={arXiv},
      primaryClass={math.DG},
      url={https://arxiv.org/abs/1812.09511}, 
}
@book{BigMirrorSymmetryBook,
  title={Mirror Symmetry},
  author={Hori, K. and Katz, S. and Klemm, A. and Pandharipande, R. and Thomas, R. and Vafa, C. and Vakil, R. and Zaslow, E.},
  isbn={9780821834879},
  lccn={2003052414},
  series={Clay Mathematics Monographs},
  url={https://books.google.com/books?id=R4jtzwEACAAJ},
  year={2023},
  publisher={American Mathematical Society}
}
@book{anderson2023equivariant,
  title={Equivariant Cohomology in Algebraic Geometry},
  author={Anderson, Dave and Fulton, William},
  isbn={9781009349987},
  series={Cambridge Studies in Advanced Mathematics},
  url={https://books.google.com/books?id=BE7XEAAAQBAJ},
  year={2023},
  publisher={Cambridge University Press}
}
@misc{FPNotes,
      title={Notes on stable maps and quantum cohomology}, 
      author={William Fulton and Rahul Pandharipande},
      year={1997},
      eprint={alg-geom/9608011},
      archivePrefix={arXiv},
      primaryClass={alg-geom},
      url={https://arxiv.org/abs/alg-geom/9608011}, 
}
@misc{NicolaescuNotes,
      title={Lectures on the Geometry of Manifolds}, 
      author={Liviu I. Nicolaescu},
      year={2025},
      url={https://www3.nd.edu/~lnicolae/Lectures.pdf}, 
}
@misc{FreedNotes,
      title={Lecture 8: More characteristic classes and the Thom isomorphism}, 
      author={Daniel S. Freed},
      year={2012},
      url={https://people.math.harvard.edu/~dafr/M392C-2012/Notes/lecture8.pdf}, 
}
